<?xml version="1.0" encoding="UTF-8"?><collection xmlns="http://www.loc.gov/MARC21/slim"><record><leader>00477nam--2200181-i-4500</leader><controlfield tag="001">000008516</controlfield><controlfield tag="002">20161230</controlfield><controlfield tag="005">20161230201027</controlfield><controlfield tag="008">060222s1000------------r-----000-0-eng-d</controlfield><datafield ind1=" " ind2=" " tag="040"><subfield code="a">IFIN-HH</subfield></datafield><datafield ind1="1" ind2=" " tag="100"><subfield code="a">Hajek, Jaroslav</subfield></datafield><datafield ind1="1" ind2="0" tag="245"><subfield code="a">Probability in science and engineering</subfield><subfield code="c">Jaroslav, Hajek; Vaclav Dupac</subfield></datafield><datafield ind1=" " ind2=" " tag="260"><subfield code="a">Prague, Academia, 1967</subfield></datafield><datafield ind1=" " ind2=" " tag="300"><subfield code="a">120 P</subfield></datafield><datafield ind1=" " ind2=" " tag="650"><subfield code="a">Probability</subfield></datafield><datafield ind1=" " ind2=" " tag="700"><subfield code="a">Dupac, Vaclav</subfield></datafield><datafield ind1=" " ind2=" " tag="852"><subfield code="a">28788</subfield><subfield code="c">519.2</subfield></datafield><datafield ind1=" " ind2=" " tag="CAT"><subfield code="a">Sys</subfield><subfield code="c">20100521</subfield><subfield code="h">111031</subfield></datafield></record></collection>